@misc{mentimeterAudienceResponse,
	author = {},
	title = {{A}udience {R}esponse {S}oftware {T}hat {W}ill {E}ngage {Y}our {A}udience --- mentimeter.com},
	howpublished = {\url{https://www.mentimeter.com/features}},
	year = {},
	note = {[Accessed 30-10-2024]},
}

@misc{kahootAboutKahoot,
	author = {},
	title = {{A}bout {K}ahoot! | {C}ompany {H}istory \& {K}ey {F}acts --- kahoot.com},
	howpublished = {\url{https://kahoot.com/company}},
	year = {},
	note = {[Accessed 30-10-2024]},
}

@article {prisma2020,
	author = {Page, Matthew J and McKenzie, Joanne E and Bossuyt, Patrick M and Boutron, Isabelle and Hoffmann, Tammy C and Mulrow, Cynthia D and Shamseer, Larissa and Tetzlaff, Jennifer M and Akl, Elie A and Brennan, Sue E and Chou, Roger and Glanville, Julie and Grimshaw, Jeremy M and Hr{\'o}bjartsson, Asbj{\o}rn and Lalu, Manoj M and Li, Tianjing and Loder, Elizabeth W and Mayo-Wilson, Evan and McDonald, Steve and McGuinness, Luke A and Stewart, Lesley A and Thomas, James and Tricco, Andrea C and Welch, Vivian A and Whiting, Penny and Moher, David},
	title = {The PRISMA 2020 statement: an updated guideline for reporting systematic reviews},
	volume = {372},
	elocation-id = {n71},
	year = {2021},
	doi = {10.1136/bmj.n71},
	publisher = {BMJ Publishing Group Ltd},
	URL = {https://www.bmj.com/content/372/bmj.n71},
	eprint = {https://www.bmj.com/content/372/bmj.n71.full.pdf},
	journal = {BMJ}
}

@article{autoassessmentlitrev,
title = {Automatic assessment of text-based responses in post-secondary education: A systematic review},
journal = {Computers and Education: Artificial Intelligence},
volume = {6},
pages = {100206},
year = {2024},
issn = {2666-920X},
doi = {https://doi.org/10.1016/j.caeai.2024.100206},
url = {https://www.sciencedirect.com/science/article/pii/S2666920X24000079},
author = {Rujun Gao and Hillary E. Merzdorf and Saira Anwar and M. Cynthia Hipwell and Arun R. Srinivasa},
keywords = {Automatic assessment, Artificial intelligence, Natural language processing, Text-based responses, Post-secondary education}
}

@article{textmininglitrev,
title = {Text mining applied to distance higher education: A systematic literature review},
journal = {Education and Information Technologies},
volume = {29},
issue = {9},
pages = {10851-10878},
year = {2024},
issn = {1573-7608},
doi = {https://doi.org/10.1007/s10639-023-12235-0},
author = {Patrícia Takaki and Moisés Lima Dutra},
keywords = {Text mining (TM), Educational text mining (ETM), Natural language
processing (NLP), Higher education institutions (HEI), Distance education, Distance higher education}
}